<?xml version="1.0" encoding="UTF-8"?><collection xmlns="http://www.loc.gov/MARC21/slim"><record><leader>00346nam--2200133-i-4500</leader><controlfield tag="001">000021197</controlfield><controlfield tag="002">20161230</controlfield><controlfield tag="005">20161230201034</controlfield><controlfield tag="008">060222s1000------------r-----000-0-eng-d</controlfield><datafield ind1=" " ind2=" " tag="100"><subfield code="a">Hohenberg, F</subfield></datafield><datafield ind1=" " ind2=" " tag="245"><subfield code="a">Konstruktive geometrie fur techniker</subfield></datafield><datafield ind1=" " ind2=" " tag="260"><subfield code="a">Wien, Springer, 1956, X + 272p. Cu Fig</subfield></datafield><datafield ind1=" " ind2=" " tag="852"><subfield code="a">11920</subfield></datafield><datafield ind1=" " ind2=" " tag="CAT"><subfield code="a">Sys</subfield><subfield code="c">20080610</subfield><subfield code="h">144952</subfield></datafield></record></collection>